@book{huang,
author={K. Huang},
title="Statistical Mechanics",
booktitle="Statistical Mechanics",
publisher="John Wiley \& Sons",
year={1987}
}

@article{muglia,
author={J. Muglia},
title="Simulaciones computacionales del Modelo de Ising con gradiente térmico",
journal="Departamento de Física, Facultad de Ciencias Exactas, Universidad Nacional de La Plata",
year={2011}
}

@article{onsager,
author={L. Onsage},
title="Crystal Statistics: A Two-Dimensional Model with an Order-Disorder Transition",
journal="Physical Review, Vol. 65",
year={1944}
}

